% This file was reference titles.
% Encoding: UTF8

@BOOK{Kline,
    title = {Mathematical Thoughs},
    publisher = {Broadview Publisher},
    year = {2002},
    author = {Claire},
}

@ARTICLE{quanjing,
    author = {Anjing Qu},
    title = {Identifications for theorem},
    journal = {Mathematical Publisher},
    year = {1998},
    volume = {20},
    number = {3},
}

@BOOK{Shiye,
    title = {Theorems in Geometry},
    publisher = {Broadview Publisher},
    year = {2032},
    author = {Mark}
}